@Book{Revolucao,
  author    = 	 {Alexandre Oliva and Cezar Taurion And Christiano Anderson and Jansen Sena and Marcelo Ferreira and Paulino Michelazzo and Pedro Mizukami and Pedro Rezende and Rubens Queiroz and organizador {Tiago Melo} },
  title     = 	 {A Revolução do Software Livre},
  publisher = 	 {Comunidade Sol},
  year      = 	 {2009},
  edition   = {1th},
  isbn      = {9788562908002}
}
@Book{Revolucao_marcelo,
  author    = 	 {Marcelo Ferreira},
  title     = 	 {A Revolução do Software Livre},
  publisher = 	 {Comunidade Sol},
  year      = 	 {2009},
  edition   = {1th},
  pages = {41,54},
  isbn      = {9788562908002}
}
@Book{Revolucao_alexandre,
  author    = 	 {Alexandre Oliva},
  title     = 	 {A Revolução do Software Livre},
  publisher = 	 {Comunidade Sol},
  year      = 	 {2009},
  edition   = {1th},
  pages = {88},
  isbn      = {9788562908002}
}
@article{kon_22,
  title = {Ci\^{e}ncia aberta, dados abertos e c\'{o}digo aberto},
  author = {Fabio Kon},
  year = {2013},
  journal = {Computação Brasil},
  volume = {22},
  pages = {22--29},
  note = {\url{https://www.sbc.org.br/jdownloads/CB2013/computacao22_jul_2013.pdf}}
}

@article{clau_22,
  title = {Apresentação},
  author = {Claudia Bauzer Medeiros},
  year = {2021},
  journal = {Computação Brasil},
  volume = {46},
  pages = {6--7},
  note = {\url{https://www.sbc.org.br/images/flippingbook/computacaobrasil/computa_46/pdf/CompBrasil_46.pdf}}
}
@article{clau_22_2,
  title = {CI\^{e}NCIA ABERTA – COLABORAç\~{a}O SEM BARREIRAS PARA O AVANçO DO CONHECIMENTO},
  author = {Claudia Bauzer Medeiros},
  year = {2021},
  journal = {Computação Brasil},
  volume = {46},
  pages = {8},
  note = {\url{https://www.sbc.org.br/images/flippingbook/computacaobrasil/computa_46/pdf/CompBrasil_46.pdf}}
}


